%% This BibTeX bibliography file was created using BibDesk.
%% http://bibdesk.sourceforge.net/


%% Created for Alvaro Garcia Recuero at 2013-08-22 13:22:01 +0100 


%% Saved with string encoding Unicode (UTF-8) 



@inproceedings{Calder:2011,
	Acmid = {2043571},
	Address = {New York, NY, USA},
	Author = {Calder, Brad and Wang, Ju and Ogus, Aaron and Nilakantan, Niranjan and Skjolsvold, Arild and McKelvie, Sam and Xu, Yikang and Srivastav, Shashwat and Wu, Jiesheng and Simitci, Huseyin and Haridas, Jaidev and Uddaraju, Chakravarthy and Khatri, Hemal and Edwards, Andrew and Bedekar, Vaman and Mainali, Shane and Abbasi, Rafay and Agarwal, Arpit and Haq, Mian Fahim ul and Haq, Muhammad Ikram ul and Bhardwaj, Deepali and Dayanand, Sowmya and Adusumilli, Anitha and McNett, Marvin and Sankaran, Sriram and Manivannan, Kavitha and Rigas, Leonidas},
	Booktitle = {Proceedings of the Twenty-Third ACM Symposium on Operating Systems Principles},
	Date-Added = {2013-08-22 12:21:41 +0000},
	Date-Modified = {2013-08-22 12:21:58 +0000},
	Doi = {10.1145/2043556.2043571},
	Isbn = {978-1-4503-0977-6},
	Keywords = {Windows Azure, cloud storage, distributed storage systems},
	Location = {Cascais, Portugal},
	Numpages = {15},
	Pages = {143--157},
	Publisher = {ACM},
	Series = {SOSP '11},
	Title = {Windows Azure Storage: a highly available cloud storage service with strong consistency},
	Url = {http://doi.acm.org/10.1145/2043556.2043571},
	Year = {2011},
	Bdsk-Url-1 = {http://doi.acm.org/10.1145/2043556.2043571},
	Bdsk-Url-2 = {http://dx.doi.org/10.1145/2043556.2043571}}

@article{Birrell:1984,
	Acmid = {357392},
	Address = {New York, NY, USA},
	Author = {Birrell, Andrew D. and Nelson, Bruce Jay},
	Date-Added = {2013-08-19 15:35:45 +0000},
	Date-Modified = {2013-08-19 15:35:59 +0000},
	Doi = {10.1145/2080.357392},
	Issn = {0734-2071},
	Issue_Date = {February 1984},
	Journal = {ACM Trans. Comput. Syst.},
	Keywords = {distributed naming and binding, inter-process communication, performance of communication protocols, remote procedural calls, transport layer protocols},
	Month = feb,
	Number = {1},
	Numpages = {21},
	Pages = {39--59},
	Publisher = {ACM},
	Title = {Implementing remote procedure calls},
	Url = {http://doi.acm.org/10.1145/2080.357392},
	Volume = {2},
	Year = {1984},
	Bdsk-Url-1 = {http://doi.acm.org/10.1145/2080.357392},
	Bdsk-Url-2 = {http://dx.doi.org/10.1145/2080.357392}}

@inproceedings{DeCandia:2007,
	Acmid = {1294281},
	Address = {New York, NY, USA},
	Author = {DeCandia, Giuseppe and Hastorun, Deniz and Jampani, Madan and Kakulapati, Gunavardhan and Lakshman, Avinash and Pilchin, Alex and Sivasubramanian, Swaminathan and Vosshall, Peter and Vogels, Werner},
	Booktitle = {Proceedings of twenty-first ACM SIGOPS symposium on Operating systems principles},
	Date-Added = {2013-08-16 13:21:28 +0000},
	Date-Modified = {2013-08-16 13:21:36 +0000},
	Doi = {10.1145/1294261.1294281},
	Isbn = {978-1-59593-591-5},
	Keywords = {performance, reliability, scalability},
	Location = {Stevenson, Washington, USA},
	Numpages = {16},
	Pages = {205--220},
	Publisher = {ACM},
	Series = {SOSP '07},
	Title = {Dynamo: amazon's highly available key-value store},
	Url = {http://doi.acm.org/10.1145/1294261.1294281},
	Year = {2007},
	Bdsk-Url-1 = {http://doi.acm.org/10.1145/1294261.1294281},
	Bdsk-Url-2 = {http://dx.doi.org/10.1145/1294261.1294281}}

@url{Memcached,
	Author = {MemCached},
	Date-Added = {2013-08-13 18:18:44 +0000},
	Date-Modified = {2013-08-13 18:22:09 +0000},
	Keywords = {Memcached},
	Lastchecked = {13th},
	Month = {August},
	Title = {MemCached},
	Url = {http://www.memcached.org/},
	Year = {2013},
	Bdsk-Url-1 = {http://hypertable.org/}}

@url{Couchdb,
	Author = {CouchDB},
	Date-Added = {2013-08-13 18:02:43 +0000},
	Date-Modified = {2013-08-13 18:23:54 +0000},
	Keywords = {Document Stores},
	Lastchecked = {13th},
	Month = {August},
	Title = {CouchDB},
	Url = {http://couchdb.apache.org/},
	Year = {2013},
	Bdsk-Url-1 = {http://couchdb.apache.org/}}

@url{Hypertable,
	Date-Added = {2013-08-13 18:01:45 +0000},
	Date-Modified = {2013-08-13 18:01:45 +0000},
	Keywords = {BigTable},
	Lastchecked = {13th},
	Month = {August},
	Title = {Hypertable},
	Url = {http://hypertable.org/},
	Year = {2013},
	Bdsk-Url-1 = {http://hypertable.org/}}

@url{Mongodb,
	Author = {MongoDB},
	Date-Added = {2013-08-13 17:56:30 +0000},
	Date-Modified = {2013-08-13 18:23:43 +0000},
	Keywords = {Document Stores},
	Lastchecked = {13th},
	Month = {August},
	Title = {MongoDB},
	Url = {http://www.mongodb.org},
	Year = {2013},
	Bdsk-Url-1 = {http://www.mongodb.org}}

@article{Kubiatowicz:2000,
	Acmid = {357007},
	Address = {New York, NY, USA},
	Author = {Kubiatowicz, John and Bindel, David and Chen, Yan and Czerwinski, Steven and Eaton, Patrick and Geels, Dennis and Gummadi, Ramakrishan and Rhea, Sean and Weatherspoon, Hakim and Weimer, Westley and Wells, Chris and Zhao, Ben},
	Date-Added = {2013-08-12 18:19:08 +0000},
	Date-Modified = {2013-08-12 18:19:23 +0000},
	Doi = {10.1145/356989.357007},
	Issn = {0362-1340},
	Issue_Date = {Nov. 2000},
	Journal = {SIGPLAN Not.},
	Month = nov,
	Number = {11},
	Numpages = {12},
	Pages = {190--201},
	Publisher = {ACM},
	Title = {OceanStore: an architecture for global-scale persistent storage},
	Url = {http://doi.acm.org/10.1145/356989.357007},
	Volume = {35},
	Year = {2000},
	Bdsk-Url-1 = {http://doi.acm.org/10.1145/356989.357007},
	Bdsk-Url-2 = {http://dx.doi.org/10.1145/356989.357007}}

@misc{Ferreira:98,
	Author = {Paulo Ferreira and Marc Shapiro and Xavier Blondel and Olivier Fambon and Jo{\~a}o Garcia and Sytse Kloosterman and Nicolas Richer and Marcus Robert and Fadi Sandakly and George Coulouris and Jean Dollimore},
	Date-Added = {2013-08-12 18:12:24 +0000},
	Date-Modified = {2013-08-12 18:12:24 +0000},
	Title = {PerDiS: design, implementation, and use of a PERsistent DIstributed Store},
	Year = {1998}}

@article{Santos:2010,
	Author = {Veiga, Lu{\'\i}s and Negr{\~a}o, Andr{\'e} and Santos, Nuno and Ferreira, Paulo},
	Date-Added = {2013-08-09 13:18:00 +0000},
	Date-Modified = {2013-08-09 13:18:00 +0000},
	Doi = {10.1007/s13174-010-0011-x},
	Issn = {1867-4828},
	Journal = {Journal of Internet Services and Applications},
	Keywords = {Consistency management; Replicated objects; Locality-awareness; Multiplayer games},
	Language = {English},
	Number = {2},
	Pages = {95-115},
	Publisher = {Springer-Verlag},
	Title = {Unifying divergence bounding and locality awareness in replicated systems with vector-field consistency},
	Url = {http://dx.doi.org/10.1007/s13174-010-0011-x},
	Volume = {1},
	Year = {2010},
	Bdsk-Url-1 = {http://dx.doi.org/10.1007/s13174-010-0011-x}}

@misc{Ghemawat:03,
	Author = {Sanjay Ghemawat and Howard Gobioff and Shun-Tak Leung},
	Date-Added = {2013-08-09 11:25:10 +0000},
	Date-Modified = {2013-08-09 11:25:18 +0000},
	Title = {The Google File System},
	Year = {2003}}

@inproceedings{Dean:04,
	Author = {Jeffrey Dean and Sanjay Ghemawat},
	Booktitle = {OSDI'04: PROCEEDINGS OF THE 6TH CONFERENCE ON SYMPOSIUM ON OPERATING SYSTEMS DESIGN AND IMPLEMENTATION},
	Date-Added = {2013-08-09 11:24:16 +0000},
	Date-Modified = {2013-08-09 11:24:31 +0000},
	Publisher = {USENIX Association},
	Title = {MapReduce: simplified data processing on large clusters},
	Year = {2004}}

@article{Aiyer:2012,
	Added-At = {2012-06-30T00:00:00.000+0200},
	Author = {Aiyer, Amitanand S. and Bautin, Mikhail and Chen, Guoqiang Jerry and Damania, Pritam and Khemani, Prakash and Muthukkaruppan, Kannan and Ranganathan, Karthik and Spiegelberg, Nicolas and Tang, Liyin and Vaidya, Madhuwanti},
	Biburl = {http://www.bibsonomy.org/bibtex/20687786089a175341d621c2651d130e2/dblp},
	Date-Added = {2013-08-08 18:40:14 +0000},
	Date-Modified = {2013-08-08 18:40:45 +0000},
	Ee = {http://sites.computer.org/debull/A12june/facebook.pdf},
	Interhash = {90a7b0286f3aab41296db3dfc8552cb6},
	Intrahash = {0687786089a175341d621c2651d130e2},
	Journal = {IEEE Data Eng. Bull.},
	Keywords = {Facebook HBase Report},
	Number = 2,
	Pages = {4-13},
	Timestamp = {2012-06-30T00:00:00.000+0200},
	Title = {Storage Infrastructure Behind Facebook Messages: Using HBase at Scale.},
	Url = {http://dblp.uni-trier.de/db/journals/debu/debu35.html#AiyerBCDKMRSTV12},
	Volume = 35,
	Year = 2012,
	Bdsk-Url-1 = {http://dblp.uni-trier.de/db/journals/debu/debu35.html#AiyerBCDKMRSTV12}}

@inproceedings{Hunt:2010,
	Acmid = {1855851},
	Address = {Berkeley, CA, USA},
	Author = {Hunt, Patrick and Konar, Mahadev and Junqueira, Flavio P. and Reed, Benjamin},
	Booktitle = {Proceedings of the 2010 USENIX conference on USENIX annual technical conference},
	Date-Added = {2013-08-08 18:19:38 +0000},
	Date-Modified = {2013-08-08 18:20:01 +0000},
	Location = {Boston, MA},
	Numpages = {1},
	Pages = {11--11},
	Publisher = {USENIX Association},
	Series = {USENIXATC'10},
	Title = {ZooKeeper: wait-free coordination for internet-scale systems},
	Url = {http://dl.acm.org/citation.cfm?id=1855840.1855851},
	Year = {2010},
	Bdsk-Url-1 = {http://dl.acm.org/citation.cfm?id=1855840.1855851}}

@inproceedings{Das:2010,
	Acmid = {1807157},
	Address = {New York, NY, USA},
	Author = {Das, Sudipto and Agrawal, Divyakant and El Abbadi, Amr},
	Booktitle = {Proceedings of the 1st ACM symposium on Cloud computing},
	Date-Added = {2013-08-06 21:33:40 +0000},
	Date-Modified = {2013-08-06 21:34:26 +0000},
	Doi = {10.1145/1807128.1807157},
	Isbn = {978-1-4503-0036-0},
	Keywords = {cloud computing, consistency, key-value stores, multi key access},
	Location = {Indianapolis, Indiana, USA},
	Numpages = {12},
	Pages = {163--174},
	Publisher = {ACM},
	Series = {SoCC '10},
	Title = {G-Store: a scalable data store for transactional multi key access in the cloud},
	Url = {http://doi.acm.org/10.1145/1807128.1807157},
	Year = {2010},
	Bdsk-Url-1 = {http://doi.acm.org/10.1145/1807128.1807157},
	Bdsk-Url-2 = {http://dx.doi.org/10.1145/1807128.1807157}}

@webpage{GoogleCloudDataStore,
	Author = {Google},
	Date-Added = {2013-08-06 21:20:31 +0000},
	Date-Modified = {2013-08-06 21:24:40 +0000},
	Keywords = {Google DataStore Cloud},
	Month = {August},
	Title = {Google Cloud Datastore},
	Url = {https://developers.google.com/datastore/docs/overview},
	Year = {2013},
	Bdsk-Url-1 = {https://developers.google.com/datastore/docs/overview}}

@inproceedings{Sovran:2011,
	Acmid = {2043592},
	Address = {New York, NY, USA},
	Author = {Sovran, Yair and Power, Russell and Aguilera, Marcos K. and Li, Jinyang},
	Booktitle = {Proceedings of the Twenty-Third ACM Symposium on Operating Systems Principles},
	Date-Added = {2013-06-29 12:42:25 +0000},
	Date-Modified = {2013-06-29 12:42:40 +0000},
	Doi = {10.1145/2043556.2043592},
	Isbn = {978-1-4503-0977-6},
	Keywords = {asynchronous replication, distributed storage, geo-distributed systems, key-value store, parallel snapshot isolation, transactions},
	Location = {Cascais, Portugal},
	Numpages = {16},
	Pages = {385--400},
	Publisher = {ACM},
	Series = {SOSP '11},
	Title = {Transactional storage for geo-replicated systems},
	Url = {http://doi.acm.org/10.1145/2043556.2043592},
	Year = {2011},
	Bdsk-Url-1 = {http://doi.acm.org/10.1145/2043556.2043592},
	Bdsk-Url-2 = {http://dx.doi.org/10.1145/2043556.2043592}}

@misc{RDBMS,
	Author = {Webopedia},
	Date-Added = {2013-06-22 11:16:03 +0000},
	Date-Modified = {2013-06-22 11:19:59 +0000},
	Title = {Relational Database Management Systems},
	Url = {http://www.webopedia.com/TERM/R/RDBMS.html},
	Urldate = {http://www.webopedia.com/TERM/R/RDBMS.html},
	Bdsk-Url-1 = {http://www.webopedia.com/TERM/R/RDBMS.html}}

@misc{HBase,
	Author = {HBase},
	Date-Added = {2013-06-12 00:25:44 +0000},
	Date-Modified = {2013-08-15 20:07:29 +0000},
	Howpublished = {http://hbase.apache.org},
	Keywords = {Apache Foundation},
	Referrer = {default},
	Robots = {noodp, noydir},
	Title = {HBase},
	Year = {2004},
	Bdsk-Url-1 = {http://hbase.apache.org}}

@misc{Vector,
	Author = {Lu{\'\i}s Veiga},
	Date-Added = {2013-06-21 20:18:03 +0000},
	Date-Modified = {2013-06-21 20:18:03 +0000},
	Generator = {MediaWiki 1.22wmf7},
	Howpublished = {Wikipedia},
	Title = {Vector-field consistency},
	Year = {2007}}

@misc{SlidesLars,
	Author = {Lars George},
	Date-Added = {2013-06-08 21:53:09 +0000},
	Date-Modified = {2013-06-08 22:07:22 +0000},
	Description = {This talk delves into the many ways that a user has to use HBase in a project.},
	Howpublished = {http://www.slideshare.net/jaxlondon2012/hbase-advanced-lars-george},
	Referrer = {default},
	Robots = {noodp, noydir},
	Thumbnail = {http://cdn.slidesharecdn.com/ss_thumbnails/hbaseadvanced-jaxuk-oct2012-121022074900-phpapp02-thumbnail-2.jpg?1350995883},
	Title = {Advanced {H}Base},
	Url = {http://www.slideshare.net/jaxlondon2012/hbase-advanced-lars-george},
	Viewport = {width=1024},
	Year = {2012},
	Bdsk-Url-1 = {http://www.slideshare.net/jaxlondon2012/hbase-advanced-lars-george}}

@url{FacebookHBase,
	Author = {Kannan Muthukkaruppan},
	Date-Added = {2013-06-05 13:47:02 +0000},
	Date-Modified = {2013-06-05 13:47:32 +0000},
	Description = {Facebook Engineering wrote a note titled The Underlying Technology of Messages. Read the full text here.},
	Keywords = {Apache HBase},
	Month = {November},
	Referrer = {default},
	Title = {The Underlying Technology of Messages},
	Url = {https://www.facebook.com/note.php?note_id=454991608919#},
	Year = {2010},
	Bdsk-Url-1 = {https://www.facebook.com/note.php?note_id=454991608919#}}

@misc{Duke:2001,
	Author = {Haifeng Yu ; Dept. of Comput. Sci., Duke Univ., Durham, NC, USA ; Vahdat, A.},
	Date-Added = {2013-05-31 18:22:40 +0000},
	Date-Modified = {2013-05-31 18:22:58 +0000},
	Month = {April},
	Referrer = {default},
	Robots = {noodp, noydir},
	Title = {Combining generality and practicality in a conit-based continuous consistency model for wide-area replication},
	Year = {2001}}

@misc{JIRA-1,
	Ajs-App-Title = {ASF JIRA},
	Ajs-Build-Number = {851},
	Ajs-Can-Edit-Watchers = {false},
	Ajs-Can-Search-Users = {false},
	Ajs-Context-Path = {/jira},
	Ajs-Default-Avatar-Url = {/jira/secure/useravatar?size=small&avatarId=10453},
	Ajs-Dev-Mode = {false},
	Ajs-Enabled-Dark-Features = {["jira.frother.reporter.field","jira.user.darkfeature.admin","frother.assignee.field","com.atlassian.jira.config.CoreFeatures.KICKASS_SEARCH"]},
	Ajs-Issue-Key = {HBASE-1734},
	Ajs-Keyboard-Shortcuts-Enabled = {true},
	Ajs-Search-Pos = {0},
	Ajs-User-Locale = {en_UK},
	Ajs-Version-Number = {5.2.8},
	Application-Name = {JIRA},
	Atlassian-Token = {A5KQ-2QAV-T4JA-FDED|76c63c1d516bac02c0d457dd3472f63310be35e4|lout},
	Author = {Andrew Purtell},
	Date-Added = {2013-05-31 16:05:35 +0000},
	Date-Modified = {2013-05-31 16:05:35 +0000},
	Month = {August},
	Title = {Priority queue sorted replication policy},
	Year = {2011}}

@inproceedings{Lloyd:2011,
	Acmid = {2043593},
	Address = {New York, NY, USA},
	Author = {Lloyd, Wyatt and Freedman, Michael J. and Kaminsky, Michael and Andersen, David G.},
	Booktitle = {Proceedings of the Twenty-Third ACM Symposium on Operating Systems Principles},
	Date-Added = {2013-05-29 16:14:05 +0000},
	Date-Modified = {2013-05-29 16:20:01 +0000},
	Doi = {10.1145/2043556.2043593},
	Isbn = {978-1-4503-0977-6},
	Keywords = {ALPS systems, causal + consistency, key-value storage, read transactions, scalable wide-area replication},
	Location = {Cascais, Portugal},
	Numpages = {16},
	Pages = {401--416},
	Publisher = {ACM},
	Series = {SOSP '11},
	Title = {Don't settle for eventual: scalable causal consistency for wide-area storage with COPS},
	Url = {http://doi.acm.org/10.1145/2043556.2043593},
	Year = {2011},
	Bdsk-Url-1 = {http://dx.doi.org/10.1145/2043556.2043593}}

@article{Cooper:2008,
	Acmid = {1454167},
	Author = {Cooper, Brian F. and Ramakrishnan, Raghu and Srivastava, Utkarsh and Silberstein, Adam and Bohannon, Philip and Jacobsen, Hans-Arno and Puz, Nick and Weaver, Daniel and Yerneni, Ramana},
	Date-Added = {2013-05-21 19:46:35 +0000},
	Date-Modified = {2013-06-03 13:25:45 +0000},
	Issn = {2150-8097},
	Issue_Date = {August 2008},
	Journal = {Proc. VLDB Endow.},
	Month = aug,
	Number = {2},
	Numpages = {12},
	Pages = {1277--1288},
	Publisher = {VLDB Endowment},
	Title = {PNUTS: Yahoo!'s hosted data serving platform},
	Url = {http://dl.acm.org/citation.cfm?id=1454159.1454167},
	Volume = {1},
	Year = {2008},
	Bdsk-Url-1 = {http://dl.acm.org/citation.cfm?id=1454159.1454167}}

@inproceedings{Li:2012,
	Acmid = {2387906},
	Address = {Berkeley, CA, USA},
	Author = {Li, Cheng and Porto, Daniel and Clement, Allen and Gehrke, Johannes and Pregui\c{c}a, Nuno and Rodrigues, Rodrigo},
	Booktitle = {Proceedings of the 10th USENIX conference on Operating Systems Design and Implementation},
	Date-Added = {2013-04-30 13:26:51 +0000},
	Date-Modified = {2013-05-29 16:31:56 +0000},
	Isbn = {978-1-931971-96-6},
	Location = {Hollywood, CA, USA},
	Numpages = {14},
	Pages = {265--278},
	Publisher = {USENIX Association},
	Series = {OSDI'12},
	Title = {Making geo-replicated systems fast as possible, consistent when necessary},
	Url = {http://dl.acm.org/citation.cfm?id=2387880.2387906},
	Year = {2012},
	Bdsk-Url-1 = {http://dl.acm.org/citation.cfm?id=2387880.2387906}}

@inproceedings{Wang:2012,
	Acmid = {2391243},
	Address = {New York, NY, USA},
	Articleno = {14},
	Author = {Wang, Andrew and Venkataraman, Shivaram and Alspaugh, Sara and Katz, Randy and Stoica, Ion},
	Booktitle = {Proceedings of the Third ACM Symposium on Cloud Computing},
	Date-Added = {2013-03-12 18:14:54 +0000},
	Date-Modified = {2013-03-12 18:14:54 +0000},
	Doi = {10.1145/2391229.2391243},
	Isbn = {978-1-4503-1761-0},
	Keywords = {consolidation, service-level objectives, storage systems, two-level scheduling},
	Location = {San Jose, California},
	Numpages = {14},
	Pages = {14:1--14:14},
	Publisher = {ACM},
	Series = {SoCC '12},
	Title = {Cake: enabling high-level SLOs on shared storage systems},
	Url = {http://doi.acm.org/10.1145/2391229.2391243},
	Year = {2012},
	Bdsk-Url-1 = {http://doi.acm.org/10.1145/2391229.2391243}}

@proceedings{Rodrigues:2012,
	Author = {S{\'e}rgio Filipe Garrau dos Santos Almeida , Jo{\~a}o Leit{\~a}o , Lu{\'\i}s Rodrigues},
	Date-Added = {2013-03-12 17:59:02 +0000},
	Date-Modified = {2013-03-12 18:09:47 +0000},
	Title = {ChainReaction: uma Variante de Replica{\c c}{\~a}o em Cadeia com Coer{\^e}ncia Causal+},
	Year = {2012 INFOFORUM}}

@mastersthesis{chain,
	Author = {S{\'e}rgio Filipe Garrau dos Santos Almeida},
	Date-Added = {2013-03-06 19:32:18 +0000},
	Date-Modified = {2013-03-12 18:04:44 +0000},
	Rating = {5},
	Title = {Geo-Replication in Large Scale Cloud Computing Applications},
	Year = {2012},
	Bdsk-File-1 = {YnBsaXN0MDDUAQIDBAUGJCVYJHZlcnNpb25YJG9iamVjdHNZJGFyY2hpdmVyVCR0b3ASAAGGoKgHCBMUFRYaIVUkbnVsbNMJCgsMDxJXTlMua2V5c1pOUy5vYmplY3RzViRjbGFzc6INDoACgAOiEBGABIAFgAdccmVsYXRpdmVQYXRoWWFsaWFzRGF0YV8QNy4uLy4uLy4uLy5UcmFzaC9zZXJnaW9hbG1laWRhZWFDaGFpblJlYWN0aW9uRW5nbGlzaC5wZGbSFwsYGVdOUy5kYXRhTxEB1gAAAAAB1gACAAAMTWFjaW50b3NoIEhEAAAAAAAAAAAAAAAAAAAAzDEhAkgrAAAABcNlH3Nlcmdpb2FsbWVpZGFlYUNoYWluIzREMThEQy5wZGYAAAAAAAAAAAAAAAAAAAAAAAAAAAAAAAAAAAAAAAAAAABNGNzNZJsGAAAAAAAAAAAAAwACAAAJIAAAAAAAAAAAAAAAAAAAAAYuVHJhc2gAEAAIAADMMRLyAAAAEQAIAADNZJsGAAAAAQAMAAXDZQAFwe0AAg35AAIARU1hY2ludG9zaCBIRDpVc2VyczoAYWxnYXJlY3U6AC5UcmFzaDoAc2VyZ2lvYWxtZWlkYWVhQ2hhaW4jNEQxOERDLnBkZgAADgBQACcAcwBlAHIAZwBpAG8AYQBsAG0AZQBpAGQAYQBlAGEAQwBoAGEAaQBuAFIAZQBhAGMAdABpAG8AbgBFAG4AZwBsAGkAcwBoAC4AcABkAGYADwAaAAwATQBhAGMAaQBuAHQAbwBzAGgAIABIAEQAEgA9VXNlcnMvYWxnYXJlY3UvLlRyYXNoL3Nlcmdpb2FsbWVpZGFlYUNoYWluUmVhY3Rpb25FbmdsaXNoLnBkZgAAEwABLwAAFQACAA///wAAgAbSGxwdHlokY2xhc3NuYW1lWCRjbGFzc2VzXU5TTXV0YWJsZURhdGGjHR8gVk5TRGF0YVhOU09iamVjdNIbHCIjXE5TRGljdGlvbmFyeaIiIF8QD05TS2V5ZWRBcmNoaXZlctEmJ1Ryb290gAEACAARABoAIwAtADIANwBAAEYATQBVAGAAZwBqAGwAbgBxAHMAdQB3AIQAjgDIAM0A1QKvArECtgLBAsoC2ALcAuMC7ALxAv4DAQMTAxYDGwAAAAAAAAIBAAAAAAAAACgAAAAAAAAAAAAAAAAAAAMd}}

@inproceedings{YCSB:2010,
	Acmid = {1807152},
	Address = {New York, NY, USA},
	Author = {Cooper, Brian F. and Silberstein, Adam and Tam, Erwin and Ramakrishnan, Raghu and Sears, Russell},
	Booktitle = {Proceedings of the 1st ACM symposium on Cloud computing},
	Date-Added = {2013-02-07 18:04:45 +0000},
	Date-Modified = {2013-02-07 18:04:45 +0000},
	Doi = {10.1145/1807128.1807152},
	Isbn = {978-1-4503-0036-0},
	Keywords = {benchmarking, cloud serving database},
	Location = {Indianapolis, Indiana, USA},
	Numpages = {12},
	Pages = {143--154},
	Publisher = {ACM},
	Series = {SoCC '10},
	Title = {Benchmarking cloud serving systems with YCSB},
	Url = {http://doi.acm.org/10.1145/1807128.1807152},
	Year = {2010},
	Bdsk-Url-1 = {http://doi.acm.org/10.1145/1807128.1807152},
	Bdsk-Url-2 = {http://dx.doi.org/10.1145/1807128.1807152}}

@inproceedings{Carstoiu:2010,
	Author = {Carstoiu, D. and Cernian, A. and Olteanu, A.},
	Booktitle = {New Trends in Information Science and Service Science (NISS), 2010 4th International Conference on},
	Date-Added = {2013-02-07 16:29:10 +0000},
	Date-Modified = {2013-02-07 16:29:10 +0000},
	Keywords = {Application software;Costs;Database systems;Delay;Distributed databases;Hardware;Java;Licenses;Performance evaluation;Scalability;Java;distributed databases;public domain software;software performance evaluation;BigTable distributed storage system;Google;Hadoop Hbase-0.20.2;Java;SQL database system;open source version;performance evaluation;random reading;random writing;structured data management;system configuration parameter;Distributed Hash Table (DHT);Hadoop;Hbase;key;non SQL database;value;},
	Month = {May},
	Pages = {84 -87},
	Title = {Hadoop Hbase-0.20.2 performance evaluation},
	Year = {2010}}

@proceedings{Brewer:2002,
	Author = {Seth Gilbert and Nancy Lynch.},
	Booktitle = {SIGACT News},
	Date-Added = {2013-02-07 15:48:15 +0000},
	Date-Modified = {2013-02-07 16:40:18 +0000},
	Pages = {33(2):51--59},
	Read = {0},
	Title = {Brewer's Conjecture and the Feasibility of Consistent Available Partition-Tolerant Web Services.},
	Year = {2002}}

@article{Vfc3:2012,
	Author = {Luis Veiga and Sergio Esteves},
	Date-Added = {2013-02-07 15:42:56 +0000},
	Date-Modified = {2013-02-07 15:42:56 +0000},
	Journal = {Europar 2012},
	Month = {August},
	Title = {Quality-of-Service for Consistency of DataGeo-replication in Cloud Computing},
	Year = {2012}}

@blog{LiPi:2013,
	Author = {Li Pi},
	Company = {Cloudera},
	Date-Added = {2013-02-07 15:42:56 +0000},
	Date-Modified = {2013-02-07 15:42:56 +0000},
	Title = {SlabCache, caching in hbase},
	Url = {http://blog.cloudera.com/blog/2012/01/caching-in-hbase-slabcache/},
	Bdsk-Url-1 = {http://blog.cloudera.com/blog/2012/01/caching-in-hbase-slabcache/}}

@techreport{Saphiro:2011,
	Address = rocq,
	Author = {Marc Shapiro, Nuno Pregui and Carlos Baquero, Marek Zawirski},
	Date-Added = {2013-02-07 15:42:56 +0000},
	Date-Modified = {2013-02-07 15:42:56 +0000},
	Institution = inria,
	Month = jul,
	Number = {RR-7687},
	Title = {Conflict-free Replicated Data Types},
	Type = rr,
	Url = {http://lip6.fr/Marc.Shapiro/papers/RR-7687.pdf},
	Year = 2011,
	Bdsk-Url-1 = {http://lip6.fr/Marc.Shapiro/papers/RR-7687.pdf}}

@inproceedings{Corbett:2012,
	Acmid = {2387905},
	Address = {Berkeley, CA, USA},
	Author = {Corbett, James C. and Dean, Jeffrey and Epstein, Michael and Fikes, Andrew and Frost, Christopher and Furman, J. J. and Ghemawat, Sanjay and Gubarev, Andrey and Heiser, Christopher and Hochschild, Peter and Hsieh, Wilson and Kanthak, Sebastian and Kogan, Eugene and Li, Hongyi and Lloyd, Alexander and Melnik, Sergey and Mwaura, David and Nagle, David and Quinlan, Sean and Rao, Rajesh and Rolig, Lindsay and Saito, Yasushi and Szymaniak, Michal and Taylor, Christopher and Wang, Ruth and Woodford, Dale},
	Booktitle = {Proceedings of the 10th USENIX conference on Operating Systems Design and Implementation},
	Date-Added = {2013-02-07 15:42:56 +0000},
	Date-Modified = {2013-02-07 15:42:56 +0000},
	Isbn = {978-1-931971-96-6},
	Location = {Hollywood, CA, USA},
	Numpages = {14},
	Pages = {251--264},
	Publisher = {USENIX Association},
	Series = {OSDI'12},
	Title = {Spanner: Google's globally-distributed database},
	Url = {http://dl.acm.org/citation.cfm?id=2387880.2387905},
	Year = {2012},
	Bdsk-Url-1 = {http://dl.acm.org/citation.cfm?id=2387880.2387905}}

@inproceedings{Chang:2006,
	Acmid = {1267323},
	Address = {Berkeley, CA, USA},
	Author = {Chang, Fay and Dean, Jeffrey and Ghemawat, Sanjay and Hsieh, Wilson C. and Wallach, Deborah A. and Burrows, Mike and Chandra, Tushar and Fikes, Andrew and Gruber, Robert E.},
	Booktitle = {Proceedings of the 7th USENIX Symposium on Operating Systems Design and Implementation - Volume 7},
	Date-Added = {2013-02-07 15:42:56 +0000},
	Date-Modified = {2013-06-03 10:20:00 +0000},
	Location = {Seattle, WA},
	Numpages = {1},
	Pages = {15--15},
	Publisher = {USENIX Association},
	Series = {OSDI '06},
	Title = {Bigtable: a distributed storage system for structured data},
	Url = {http://dl.acm.org/citation.cfm?id=1267308.1267323},
	Year = {2006},
	Bdsk-Url-1 = {http://dl.acm.org/citation.cfm?id=1267308.1267323}}

@misc{Cosmin2010,
	Author = {Lehene, Cosmin},
	Booktitle = {HStack.org},
	Note = {\url{http://hstack.org/why-were-using-hbase-part-2/}},
	Title = {{Why we are using Hbase part 2}},
	Year = {2010}}

@inproceedings{yu:2000,
	Author = {Haifeng Yu and Amin Vahdat},
	Bibsource = {DBLP, http://dblp.uni-trier.de},
	Booktitle = {OSDI},
	Crossref = {DBLP:conf/osdi/2000},
	Ee = {http://dl.acm.org/citation.cfm?id=1251250},
	Pages = {305-318},
	Title = {Design and Evaluation of a Continuous Consistency Model for Replicated Services},
	Year = {2000}}

@proceedings{DBLP:conf/osdi/2000,
	Bibsource = {DBLP, http://dblp.uni-trier.de},
	Booktitle = {OSDI},
	Isbn = {1-880446-16-2},
	Publisher = {USENIX Association},
	Title = {4th Symposium on Operating System Design and Implementation (OSDI 2000), San Diego, California, USA, October 23-25, 2000},
	Year = {2000}}

@inproceedings{netem:2005,
	Author = {Hemminger, Stephen},
	Booktitle = {Proceedings of the 2005 Linux Conference Australia, Canberra, Australia},
	Title = {Netem-emulating real networks in the lab},
	Year = {2005}}

@inproceedings{chihoub:2013,
	Address = {Delft, Pays-Bas},
	Affiliation = {KerData - INRIA - IRISA , Departamento de Arquitectura y Tecnolog{\'\i}a de Sistemas Inform{\'a}ticos [Madrid] - DATSI},
	Audience = {internationale},
	Author = {Chihoub, Houssem-Eddine and Ibrahim, Shadi and Antoniu, Gabriel and P{\'e}rez, Mar{\'\i}a},
	Booktitle = {{CCGRID 2013- 13th IEEE/ACM International Symposium on Cluster, Cloud and Grid Computing}},
	Hal_Id = {hal-00789013},
	Language = {Anglais},
	Month = May,
	Pdf = {http://hal.inria.fr/hal-00789013/PDF/ccgrid8.pdf},
	Title = {{Consistency in the Cloud:When Money Does Matter!}},
	Url = {http://hal.inria.fr/hal-00789013},
	Year = {2013},
	Bdsk-Url-1 = {http://hal.inria.fr/hal-00789013}}

@inproceedings{Santos:2007,
	Acmid = {1516131},
	Address = {New York, NY, USA},
	Author = {Santos, Nuno and Veiga, Lu\'{\i}s and Ferreira, Paulo},
	Booktitle = {Proceedings of the ACM/IFIP/USENIX 2007 International Conference on Middleware},
	Keywords = {consistency management, locality-awareness, multiplayer games, replicated objects},
	Location = {Newport Beach, California},
	Numpages = {21},
	Pages = {80--100},
	Publisher = {Springer-Verlag New York, Inc.},
	Series = {Middleware '07},
	Title = {Vector-field consistency for ad-hoc gaming},
	Url = {http://dl.acm.org/citation.cfm?id=1516124.1516131},
	Year = {2007},
	Bdsk-Url-1 = {http://dl.acm.org/citation.cfm?id=1516124.1516131}}

@inproceedings{Liskov:2004,
	Address = {Leuven, Belgium},
	Author = {Barbara Liskov and Rodrigo Rodrigues},
	Booktitle = {11th ACM SIGOPS European Workshop},
	Month = sep,
	Title = {Transactional File Systems Can Be Fast},
	Year = {2004}}

@inproceedings{Yabandeh:2012,
	Acmid = {2168853},
	Address = {New York, NY, USA},
	Author = {Yabandeh, Maysam and G\'{o}mez Ferro, Daniel},
	Booktitle = {Proceedings of the 7th ACM european conference on Computer Systems},
	Date-Modified = {2013-06-28 10:08:06 +0000},
	Doi = {10.1145/2168836.2168853},
	Isbn = {978-1-4503-1223-3},
	Keywords = {HBase, distributed data stores, key-value stores, lock-free transactional support, read-write conflict, serializability, snapshot isolation, transactions, write-write conflict},
	Location = {Bern, Switzerland},
	Numpages = {14},
	Pages = {155--168},
	Publisher = {ACM},
	Series = {EuroSys '12},
	Title = {A critique of snapshot isolation},
	Url = {http://doi.acm.org/10.1145/2168836.2168853},
	Year = {2012},
	Bdsk-Url-1 = {http://doi.acm.org/10.1145/2168836.2168853},
	Bdsk-Url-2 = {http://dx.doi.org/10.1145/2168836.2168853}}

@article{Lakshman:2010,
	Acmid = {1773922},
	Address = {New York, NY, USA},
	Author = {Lakshman, Avinash and Malik, Prashant},
	Doi = {10.1145/1773912.1773922},
	Issn = {0163-5980},
	Issue_Date = {April 2010},
	Journal = {SIGOPS Oper. Syst. Rev.},
	Month = apr,
	Number = {2},
	Numpages = {6},
	Pages = {35--40},
	Publisher = {ACM},
	Title = {Cassandra: a decentralized structured storage system},
	Url = {http://doi.acm.org/10.1145/1773912.1773922},
	Volume = {44},
	Year = {2010},
	Bdsk-Url-1 = {http://doi.acm.org/10.1145/1773912.1773922},
	Bdsk-Url-2 = {http://dx.doi.org/10.1145/1773912.1773922}}

@inproceedings{Stoica:2001,
	Acmid = {383071},
	Address = {New York, NY, USA},
	Author = {Stoica, Ion and Morris, Robert and Karger, David and Kaashoek, M. Frans and Balakrishnan, Hari},
	Booktitle = {Proceedings of the 2001 conference on Applications, technologies, architectures, and protocols for computer communications},
	Doi = {10.1145/383059.383071},
	Isbn = {1-58113-411-8},
	Location = {San Diego, California, USA},
	Numpages = {12},
	Pages = {149--160},
	Publisher = {ACM},
	Series = {SIGCOMM '01},
	Title = {Chord: A scalable peer-to-peer lookup service for internet applications},
	Url = {http://doi.acm.org/10.1145/383059.383071},
	Year = {2001},
	Bdsk-Url-1 = {http://doi.acm.org/10.1145/383059.383071},
	Bdsk-Url-2 = {http://dx.doi.org/10.1145/383059.383071}}
